<?xml version="1.0" encoding="UTF-8"?><collection xmlns="http://www.loc.gov/MARC21/slim"><record><leader>00517nam--2200193-i-4500</leader><controlfield tag="001">000015321</controlfield><controlfield tag="002">20161230</controlfield><controlfield tag="005">20161230201031</controlfield><controlfield tag="008">060222s1000------------r-----000-0-rum-d</controlfield><datafield ind1=" " ind2=" " tag="040"><subfield code="a">IFIN-HH</subfield></datafield><datafield ind1=" " ind2=" " tag="041"><subfield code="a">rum</subfield></datafield><datafield ind1=" " ind2=" " tag="080"><subfield code="a">539.12.047:577.346</subfield></datafield><datafield ind1="1" ind2=" " tag="100"><subfield code="a">Apetroae, M</subfield></datafield><datafield ind1="1" ind2="0" tag="245"><subfield code="a">Radiatiile ionizante si viata</subfield><subfield code="c">N. gheorghe, c. vladescu, m. apetroae</subfield></datafield><datafield ind1=" " ind2=" " tag="260"><subfield code="a">Bucuresti</subfield><subfield code="b">Editura Academiei Rsr</subfield><subfield code="c">1984</subfield></datafield><datafield ind1=" " ind2=" " tag="300"><subfield code="a">208 P</subfield></datafield><datafield ind1="1" ind2=" " tag="700"><subfield code="a">Apetroae, M</subfield></datafield><datafield ind1=" " ind2=" " tag="852"><subfield code="a">71902</subfield><subfield code="c">539.12.04</subfield></datafield><datafield ind1=" " ind2=" " tag="CAT"><subfield code="a">Sys</subfield><subfield code="c">20120326</subfield><subfield code="h">124555</subfield></datafield></record></collection>